@article{Fastskin,
author = {N Benjanuvatra; G Dawson; B.A. Blanksby; B.C. Elliott},
title = {Comparison of buoyancy, passive and net active drag forces between Fastskin™ and standard swimsuits},
year = {2002},
pages = {1--9},
url = {https://sci-hub.scihubtw.tw/10.1016/s1440-2440(02)80032-9},
publisher = {ACM},
address = {Western Australia},
keywords = {Swimsuit, aerodynamics, hydrodynamic, drag, performance},
}

@article{Swimsuits,
 author = { Hazim Moria; Harun Chowdhury; Firoz Alam; Aleksandar Subic; Alexander John Smits; Rahim Jassim; Nasser Suliman Bajaba },
 title = {Contribution of swimsuits to swimmer’s performance},
 month = {April},
 year = {2010},
 pages = {1--6},
 url = {https://sci-hub.scihubtw.tw/10.1016/j.proeng.2010.04.023},
 publisher = {Elsevier Ltd},
 keywords = {Swimsuit, aerodynamics, hydrodynamic, drag, performance},
} 

@article{armadillo,
  author    = {Ana Zdravkova; Ile Mircheski; Sofija Sidorenko },
  title     = {Bio-Inspired Approach for Innovative Design of Knee Protectors for Recreational Sports},
  month     = {July},
  year      = {2020},
  pages     = {1--6},
  url       = {https://scindeks-clanci.ceon.rs/data/pdf/1451-2092/2020/1451-20922004849Z.pdf},
  keywords  = {Armadillo, Bionics, Ergonomics, Industrial Design, Knee protector}
}
